<?xml version="1.0" encoding="UTF-8"?><collection xmlns="http://www.loc.gov/MARC21/slim"><record><leader>00396nam--2200145-i-4500</leader><controlfield tag="001">000049252</controlfield><controlfield tag="002">20161230</controlfield><controlfield tag="005">20170110233834</controlfield><controlfield tag="008">060222s1000------------r-----000-0-eng-d</controlfield><datafield ind1=" " ind2=" " tag="080"><subfield code="a">621.039.6(061.3)</subfield></datafield><datafield ind1=" " ind2=" " tag="245"><subfield code="a">Fusion Technology, Vol.28 Nr.3, Part 1,2</subfield></datafield><datafield ind1=" " ind2=" " tag="260"><subfield code="a">La Grange Park, 111</subfield><subfield code="b">American Nuclear Society</subfield><subfield code="c">1995</subfield></datafield><datafield ind1=" " ind2=" " tag="300"><subfield code="a">/1003-1618/p</subfield></datafield><datafield ind1=" " ind2=" " tag="852"><subfield code="a">80486</subfield></datafield><datafield ind1=" " ind2=" " tag="CAT"><subfield code="a">SYS</subfield><subfield code="c">20170110</subfield><subfield code="h">233834</subfield></datafield></record></collection>